<Document xmlns="urn:iso:std:iso:20022:tech:xsd:pain.001.001.03" xmlns:xsi="http://www.w3.org/2001/XMLSchema-instance"><CstmrCdtTrfInitn><GrpHdr><MsgId>PRE20220411125833</MsgId><CreDtTm>2022-04-11-T12:58:33</CreDtTm><NbOfTxs>2</NbOfTxs><CtrlSum>1692410000.00</CtrlSum><InitgPty><Nm>OEC Ordenadores</Nm><PstlAdr><StrtNm>Gran Vía 45D;28013  MadridD;ESPAÑA</StrtNm><PstCd>28013</PstCd><TwnNm>Madrid</TwnNm><Ctry>ES</Ctry></PstlAdr></InitgPty></GrpHdr><PmtInf><PmtInfId>NOTPROVIDED</PmtInfId><PmtMtd>TR</PmtMtd><BtchBookg>true</BtchBookg><NbOfTxs>2</NbOfTxs><CtrlSum>1692410000.00</CtrlSum><PmtTpInf><SvcLvl><Cd>SEPA</Cd></SvcLvl></PmtTpInf><ReqdExctnDt>2022-04-11</ReqdExctnDt><Dbtr><Nm>OEC Ordenadores</Nm><PstlAdr><PstCd>28013</PstCd><Ctry>ES</Ctry><AdrLine>Gran Vía 45D;28013  MadridD;ESPAÑAMadrid</AdrLine></PstlAdr></Dbtr><DbtrAcct><Id><IBAN>ES2100491049491000015149</IBAN></Id><Ccy>EUR</Ccy></DbtrAcct><DbtrAgt><FinInstnId><BIC>BSCHESMMXXX</BIC><PstlAdr><Ctry>ES</Ctry></PstlAdr></FinInstnId></DbtrAgt><ChrgBr>SLEV</ChrgBr></PmtInf><CdtTrfTxInf><PmtId><EndToEndId>1810106</EndToEndId></PmtId><AmtId><InstdAmt Ccy="EUR">1216050000.00</InstdAmt></AmtId><CdtrAgt><FinInstnId><BIC>CAIXESBBXXX</BIC><PstlAdr><Ctry>ES</Ctry></PstlAdr></FinInstnId></CdtrAgt><Cdtr><Nm>Amber Asociados, S.L.</Nm><PstlAdr><Ctry>ES</Ctry><AdrLine>Paseo de Gracia, 19</AdrLine></PstlAdr><Id><OrgId><Othr><Id>ESB18382366</Id></Othr></OrgId></Id></Cdtr><CdtrAcct><Id><IBAN>ES9121002210440100560837</IBAN></Id></CdtrAcct><RmtInf><Ustrd>7/EUR 41760.00 2010-02-10     20/EUR 11959.60 2010-04-24</Ustrd></RmtInf></CdtTrfTxInf><CdtTrfTxInf><PmtId><EndToEndId>1810064</EndToEndId></PmtId><AmtId><InstdAmt Ccy="EUR">476360000.00</InstdAmt></AmtId><CdtrAgt><FinInstnId><BIC>BSCHESMMXXX</BIC><PstlAdr><Ctry>ES</Ctry></PstlAdr></FinInstnId></CdtrAgt><Cdtr><Nm>Corporación marítima, S.A.</Nm><PstlAdr><Ctry>ES</Ctry><AdrLine>Calle San Martin del Tesorillo, 1</AdrLine></PstlAdr><Id><OrgId><Othr><Id>ESA11809449</Id></Othr></OrgId></Id></Cdtr><CdtrAcct><Id><IBAN>ES1800492352072414205418</IBAN></Id></CdtrAcct><RmtInf><Ustrd>319/EUR 1914.83 2018-12-30</Ustrd></RmtInf></CdtTrfTxInf></CstmrCdtTrfInitn></Document>
